<record><leader>00000cas a2200000 a 4500</leader><controlfield tag="001">10318358</controlfield><controlfield tag="007">hd afv---baca</controlfield><controlfield tag="008">840119d18481867pauwr nea     0    0eng d</controlfield><datafield ind1=" " ind2=" " tag="010"><subfield code="a">sf 89091161 </subfield></datafield><datafield ind1=" " ind2=" " tag="040"><subfield code="a">PES</subfield><subfield code="b">eng</subfield><subfield code="c">PES</subfield><subfield code="d">DLC</subfield><subfield code="d">FUG</subfield><subfield code="d">DLC</subfield><subfield code="d">OCL</subfield><subfield code="d">OCLCQ</subfield><subfield code="d">CRU</subfield><subfield code="d">DLC</subfield><subfield code="d">OCLCQ</subfield><subfield code="d">OCLCF</subfield><subfield code="d">OCLCO</subfield><subfield code="d">OCLCQ</subfield></datafield><datafield ind1=" " ind2=" " tag="042"><subfield code="a">msc</subfield></datafield><datafield ind1=" " ind2=" " tag="043"><subfield code="a">n-us-pa</subfield></datafield><datafield ind1="0" ind2="0" tag="050"><subfield code="a">Microfilm 01104 no. 1816-1820 AP</subfield></datafield><datafield ind1="1" ind2="4" tag="050"><subfield code="a">AP2</subfield><subfield code="b">.A1 APSII reel 1816-1820</subfield></datafield><datafield ind1="0" ind2="4" tag="082"><subfield code="a">051</subfield><subfield code="b">A51p2</subfield></datafield><datafield ind1="0" ind2="0" tag="245"><subfield code="a">German Reformed messenger.</subfield></datafield><datafield ind1=" " ind2=" " tag="260"><subfield code="a">Chambersburg, Pa. :</subfield><subfield code="b">M. Kieffer, under the direction of the Board of Publication of the German Reformed Church</subfield></datafield><datafield ind1=" " ind2=" " tag="300"><subfield code="a">volumes ;</subfield><subfield code="c">63 cm</subfield></datafield><datafield ind1=" " ind2=" " tag="310"><subfield code="a">Weekly</subfield></datafield><datafield ind1=" " ind2=" " tag="336"><subfield code="a">text</subfield><subfield code="b">txt</subfield><subfield code="2">rdacontent</subfield></datafield><datafield ind1=" " ind2=" " tag="337"><subfield code="a">microform</subfield><subfield code="b">h</subfield><subfield code="2">rdamedia</subfield></datafield><datafield ind1=" " ind2=" " tag="338"><subfield code="a">microfilm reel</subfield><subfield code="b">hd</subfield><subfield code="2">rdacarrier</subfield></datafield><datafield ind1="0" ind2=" " tag="362"><subfield code="a">New ser., vol. 14, no. 13 (Dec. 6, 1848)-new ser., v. 32, no. 52 (Aug. 28, 1867) = No. 689-no. 1657.</subfield></datafield><datafield ind1=" " ind2=" " tag="500"><subfield code="a">Published by the Reformed Church of the United States, this weekly magazine provided its readers with church news, news of foreign missions, Sunday school lessons, sermons, book reviews, a "Home and Young Folks" section and a summary of weekly general news. Special numbers dealing with specific topics such as education, foreign missions, home missions and homes for orphans were issued periodically. Cf. American periodicals, 1741-1900.</subfield></datafield><datafield ind1=" " ind2=" " tag="588"><subfield code="a">Description based on: New ser., v. 17, no. 1 (Sept. 10, 1851) = whole no. 833; title from caption.</subfield></datafield><datafield ind1=" " ind2=" " tag="533"><subfield code="a">Microfilm.</subfield><subfield code="b">Ann Arbor, Mich. :</subfield><subfield code="c">University Microfilms International,</subfield><subfield code="d">1977.</subfield><subfield code="e">2 microfilm reels ; 35 mm.</subfield><subfield code="f">(American periodical series, 1800-1850 ; 1816-1820).</subfield></datafield><datafield ind1="2" ind2="0" tag="610"><subfield code="a">German Reformed Church (U.S.)</subfield><subfield code="v">Newspapers.</subfield></datafield><datafield ind1=" " ind2="0" tag="651"><subfield code="a">Chambersburg (Pa.)</subfield><subfield code="v">Newspapers.</subfield></datafield><datafield ind1=" " ind2="0" tag="651"><subfield code="a">Franklin County (Pa.)</subfield><subfield code="v">Newspapers.</subfield></datafield><datafield ind1="2" ind2="7" tag="610"><subfield code="a">German Reformed Church (U.S.)</subfield><subfield code="2">fast</subfield><subfield code="0">(OCoLC)fst00621691</subfield></datafield><datafield ind1=" " ind2="7" tag="651"><subfield code="a">Pennsylvania</subfield><subfield code="z">Chambersburg.</subfield><subfield code="2">fast</subfield><subfield code="0">(OCoLC)fst01207905</subfield></datafield><datafield ind1=" " ind2="7" tag="651"><subfield code="a">Pennsylvania</subfield><subfield code="z">Franklin County.</subfield><subfield code="2">fast</subfield><subfield code="0">(OCoLC)fst01207627</subfield></datafield><datafield ind1=" " ind2="7" tag="655"><subfield code="a">Newspapers.</subfield><subfield code="2">fast</subfield><subfield code="0">(OCoLC)fst01423814</subfield></datafield><datafield ind1="2" ind2=" " tag="710"><subfield code="a">German Reformed Church (U.S.)</subfield><subfield code="x">Board of Publications.</subfield></datafield><datafield ind1=" " ind2=" " tag="752"><subfield code="a">United States</subfield><subfield code="b">Pennsylvania</subfield><subfield code="c">Franklin</subfield><subfield code="d">Chambersburg.</subfield></datafield><datafield ind1="1" ind2=" " tag="776"><subfield code="c">Original</subfield><subfield code="t">German reformed messenger</subfield><subfield code="x">2161-1637</subfield><subfield code="w">(DLC)sn 87090458</subfield><subfield code="w">(OCoLC)13028622</subfield></datafield><datafield ind1="0" ind2="0" tag="780"><subfield code="t">Weekly messenger (Chambersburg, Pa.)</subfield><subfield code="w">(DLC)sf 89091160</subfield><subfield code="w">(OCoLC)10318330</subfield></datafield><datafield ind1="0" ind2="0" tag="785"><subfield code="t">Reformed Church messenger</subfield><subfield code="w">(DLC)sf 89091162</subfield><subfield code="w">(OCoLC)10318399</subfield></datafield><datafield ind1=" " ind2="0" tag="830"><subfield code="a">American periodical series, 1800-1850 ;</subfield><subfield code="v">1816-1820.</subfield></datafield></record>